@article{Oliveira2013,
author = {Oliveira, Hugo and Melo, Lu{\'{i}}s D. R. and Santos, S{\'{i}}lvio B. and N{\'{o}}brega, Franklin L. and Ferreira, Eug{\'{e}}nio C. and Cerca, Nuno and Azeredo, Joana and Kluskens, Leon D.},
doi = {10.1128/JVI.03277-12},
issn = {1098-5514},
journal = {Journal of virology},
keywords = {Amino Acid,Bacteriophages / enzymology*,Comparative Study,Computational Biology,Endopeptidases / genetics*,Endopeptidases / metabolism*,Hugo Oliveira,Hydrolysis,Leon D Kluskens,Lu{\'{i}}s D R Melo,MEDLINE,NCBI,NIH,NLM,National Center for Biotechnology Information,National Institutes of Health,National Library of Medicine,Non-U.S. Gov't,PMC3624390,Peptidoglycan / metabolism,Phylogeny,PubMed Abstract,Research Support,Sequence Homology,Viral Proteins / genetics,Viral Proteins / metabolism,doi:10.1128/JVI.03277-12,pmid:23408602},
month = {apr},
number = {8},
pages = {4558--4570},
pmid = {23408602},
publisher = {J Virol},
title = {{Molecular aspects and comparative genomics of bacteriophage endolysins}},
url = {https://pubmed.ncbi.nlm.nih.gov/23408602/},
volume = {87},
year = {2013}
}

@article{Nami2021,
author = {Nami, Yousef and Imeni, Nazila and Panahi, Bahman},
doi = {10.1186/S12866-021-02256-5/TABLES/1},
file = {:C\:/Users/tsamu/AppData/Local/Mendeley Ltd./Mendeley Desktop/Downloaded/Nami, Imeni, Panahi - 2021 - Application of machine learning in bacteriophage research.pdf:pdf},
issn = {14712180},
journal = {BMC microbiology},
keywords = {Bacteriophage,Classification,Host,Life cycle,Machine learning},
month = {jun},
number = {1},
pages = {193},
pmid = {34174831},
publisher = {NLM (Medline)},
title = {{Application of machine learning in bacteriophage research}},
url = {https://bmcmicrobiol.biomedcentral.com/articles/10.1186/s12866-021-02256-5},
volume = {21},
year = {2021}
}

@article{Dion2020,
author = {Dion, Mo{\"{i}}ra B. and Oechslin, Frank and Moineau, Sylvain},
doi = {10.1038/S41579-019-0311-5},
issn = {1740-1534},
journal = {Nature reviews. Microbiology},
keywords = {Bacteriophages / classification*,Bacteriophages / genetics*,Bacteriophages / ultrastructure,Biodiversity*,Evolution,Frank Oechslin,Gene Transfer,Genetic,Genome,Horizontal,Host Microbial Interactions,MEDLINE,Metagenomics,Molecular,Mo{\"{i}}ra B Dion,NCBI,NIH,NLM,National Center for Biotechnology Information,National Institutes of Health,National Library of Medicine,Non-U.S. Gov't,Phylogeny*,PubMed Abstract,Recombination,Research Support,Review,Sylvain Moineau,Viral Proteins / genetics,Viral*,Virion / ultrastructure,doi:10.1038/s41579-019-0311-5,pmid:32015529},
month = {mar},
number = {3},
pages = {125--138},
pmid = {32015529},
publisher = {Nat Rev Microbiol},
title = {{Phage diversity, genomics and phylogeny}},
url = {https://pubmed.ncbi.nlm.nih.gov/32015529/},
volume = {18},
year = {2020}
}

@article{Sharma2017,
author = {Sharma, Sonika and Chatterjee, Soumya and Datta, Sibnarayan and Prasad, Rishika and Dubey, Dharmendra and Prasad, Rajesh Kumar and Vairale, Mohan G.},
doi = {10.1007/S12223-016-0471-X},
file = {:C\:/Users/tsamu/AppData/Local/Mendeley Ltd./Mendeley Desktop/Downloaded/Sharma et al. - 2017 - Bacteriophages and its applications an overview.pdf:pdf},
issn = {1874-9356},
journal = {Folia microbiologica},
keywords = {Bacterial Infections / therapy*,Bacteriophages / classification*,Bacteriophages / physiology*,Biomedical Research / trends,Biotechnology / methods,Humans,MEDLINE,Mohan G Vairale,NCBI,NIH,NLM,National Center for Biotechnology Information,National Institutes of Health,National Library of Medicine,Phage Therapy / methods*,PubMed Abstract,Review,Sonika Sharma,Soumya Chatterjee,doi:10.1007/s12223-016-0471-x,pmid:27718043},
month = {jan},
number = {1},
pages = {17--55},
pmid = {27718043},
publisher = {Folia Microbiol (Praha)},
title = {{Bacteriophages and its applications: an overview}},
url = {https://pubmed.ncbi.nlm.nih.gov/27718043/},
volume = {62},
year = {2017}
}

@article{Harada2018,
author = {Harada, Liliam K. and Silva, Erica C. and Campos, Welida F. and {Del Fiol}, Fernando S. and Vila, Marta and D{\c{a}}browska, Krystyna and Krylov, Victor N. and Balc{\~{a}}o, Victor M.},
doi = {10.1016/J.MICRES.2018.04.007},
file = {:C\:/Users/tsamu/AppData/Local/Mendeley Ltd./Mendeley Desktop/Downloaded/Harada et al. - 2018 - Biotechnological applications of bacteriophages State of the art.pdf:pdf},
issn = {0944-5013},
journal = {Microbiological Research},
keywords = {Bacterial biosensing,Bacteriophages,Biofilm control,Corrosion control,Food biopreservation and safety,Gene delivery,Phage display,Phage therapy,Structural and functional stabilization,Surface disinfection,Vaccine carriers},
month = {jul},
pages = {38--58},
pmid = {29853167},
publisher = {Urban & Fischer},
title = {{Biotechnological applications of bacteriophages: State of the art}},
volume = {212-213},
year = {2018}
}

@article{Olszak2017,
author = {Olszak, Tomasz and Latka, Agnieszka and Roszniowski, Bartosz and Valvano, Miguel A. and Drulis-Kawa, Zuzanna},
doi = {10.2174/0929867324666170413100136},
issn = {1875-533X},
journal = {Current medicinal chemistry},
keywords = {Agnieszka Latka,Bacteria / genetics,Bacteria / virology*,Bacteriophages / genetics,Bacteriophages / physiology*,Biodiversity*,CRISPR-Cas Systems / genetics,Drug Resistance,Evolution,Gene Transfer,Horizontal,Host-Pathogen Interactions,MEDLINE,Microbial,Molecular,NCBI,NIH,NLM,National Center for Biotechnology Information,National Institutes of Health,National Library of Medicine,PubMed Abstract,Review,Tomasz Olszak,Zuzanna Drulis-Kawa,doi:10.2174/0929867324666170413100136,pmid:28412903},
month = {apr},
number = {36},
pmid = {28412903},
publisher = {Curr Med Chem},
title = {{Phage Life Cycles Behind Bacterial Biodiversity}},
url = {https://pubmed.ncbi.nlm.nih.gov/28412903/},
volume = {24},
year = {2017}
}

@article{Catalao2013,
author = {Catal{\~{a}}o, Maria Jo{\~{a}}o and Gil, Filipa and Moniz-Pereira, Jos{\'{e}} and S{\~{a}}o-Jos{\'{e}}, Carlos and Pimentel, Madalena},
doi = {10.1111/1574-6976.12006},
issn = {1574-6976},
journal = {FEMS microbiology reviews},
keywords = {Bacteria / virology*,Bacteriolysis / physiology*,Bacteriophages / physiology*,Biological,Filipa Gil,MEDLINE,Madalena Pimentel,Maria Jo{\~{a}}o Catal{\~{a}}o,Models,NCBI,NIH,NLM,National Center for Biotechnology Information,National Institutes of Health,National Library of Medicine,PubMed Abstract,Review,doi:10.1111/1574-6976.12006,pmid:23043507},
month = {jul},
number = {4},
pages = {554--571},
pmid = {23043507},
publisher = {FEMS Microbiol Rev},
title = {{Diversity in bacterial lysis systems: bacteriophages show the way}},
url = {https://pubmed.ncbi.nlm.nih.gov/23043507/},
volume = {37},
year = {2013}
}

@article{Fernandes2018,
author = {Fernandes, Sofia and S{\~{a}}o-Jos{\'{e}}, Carlos},
doi = {10.3390/V10080396},
file = {:C\:/Users/tsamu/AppData/Local/Mendeley Ltd./Mendeley Desktop/Downloaded/Fernandes, S{\~{a}}o-Jos{\'{e}} - 2018 - Enzymes and Mechanisms Employed by Tailed Bacteriophages to Breach the Bacterial Cell Barriers.pdf:pdf},
issn = {19994915},
journal = {Viruses},
keywords = {Bacterial cell envelope,Cell wall,Depolymerase,Endolysin,Holin,LysB,Lysin,Peptidoglycan,Proton motive force,Spanin},
month = {aug},
number = {8},
pmid = {30060520},
publisher = {Multidisciplinary Digital Publishing Institute  (MDPI)},
title = {{Enzymes and Mechanisms Employed by Tailed Bacteriophages to Breach the Bacterial Cell Barriers}},
url = {/pmc/articles/PMC6116005/ /pmc/articles/PMC6116005/?report=abstract https://www.ncbi.nlm.nih.gov/pmc/articles/PMC6116005/},
volume = {10},
year = {2018}
}

@article{Cahill2019,
author = {Cahill, Jesse and Young, Ry},
doi = {10.1016/BS.AIVIR.2018.09.003},
isbn = {9780128177228},
issn = {15578399},
journal = {Advances in virus research},
keywords = {antiholin,endolysin,evolution,holin,lysis,multigene lysis,pinholin,single gene lysis,spanin},
month = {jan},
pages = {33},
pmid = {30635077},
publisher = {NIH Public Access},
title = {{Phage Lysis: Multiple Genes for Multiple Barriers}},
url = {/pmc/articles/PMC6733033/ /pmc/articles/PMC6733033/?report=abstract https://www.ncbi.nlm.nih.gov/pmc/articles/PMC6733033/},
volume = {103},
year = {2019}
}

@article{Abdelrahman2021,
author = {Abdelrahman, Fatma and Easwaran, Maheswaran and Daramola, Oluwasegun I. and Ragab, Samar and Lynch, Stephanie and Oduselu, Tolulope J. and Khan, Fazal Mehmood and Ayobami, Akomolafe and Adnan, Fazal and Torrents, Eduard and Sanmukh, Swapnil and El-Shibiny, Ayman},
doi = {10.3390/ANTIBIOTICS10020124},
issn = {20796382},
journal = {Antibiotics},
keywords = {Antibiotic resistance,Bacteriophages,Endolysin},
month = {feb},
number = {2},
pages = {1--31},
pmid = {33525684},
publisher = {Multidisciplinary Digital Publishing Institute  (MDPI)},
title = {{Phage-Encoded Endolysins}},
url = {/pmc/articles/PMC7912344/ /pmc/articles/PMC7912344/?report=abstract https://www.ncbi.nlm.nih.gov/pmc/articles/PMC7912344/},
volume = {10},
year = {2021}
}

@article{Criel2021,
author = {Criel, Bjorn and Taelman, Steff and {Van Criekinge}, Wim and Stock, Michiel and Briers, Yves},
doi = {10.3390/V13071240/S1},
file = {:C\:/Users/tsamu/AppData/Local/Mendeley Ltd./Mendeley Desktop/Downloaded/Criel et al. - 2021 - PhaLP A database for the study of phage lytic proteins and their evolution.pdf:pdf},
issn = {19994915},
journal = {Viruses},
keywords = {Biological database,Conserved protein domains,Endolysins,Machine learning,Phage lytic proteins,Protein architectures},
month = {jul},
number = {7},
pmid = {34206969},
publisher = {MDPI AG},
title = {{PhaLP: A database for the study of phage lytic proteins and their evolution}},
url = {/pmc/articles/PMC8310338/ /pmc/articles/PMC8310338/?report=abstract https://www.ncbi.nlm.nih.gov/pmc/articles/PMC8310338/},
volume = {13},
year = {2021}
}


@article{Hojckova2013,
author = {Hojckova, Katarina and Stano, Matej and Klucar, Lubos},
doi = {10.1186/1471-2180-13-53},
file = {:C\:/Users/tsamu/AppData/Local/Mendeley Ltd./Mendeley Desktop/Downloaded/Hojckova, Stano, Klucar - 2013 - phiBIOTICS catalogue of therapeutic enzybiotics, relevant research studies and practical applications.pdf:pdf},
issn = {1471-2180},
journal = {BMC microbiology},
keywords = {Anti-Bacterial Agents / pharmacology*,Biological Products / pharmacology*,Databases,Factual*,Humans,Katarina Hojckova,Lubos Klucar,MEDLINE,Matej Stano,Mucoproteins / pharmacology*,NCBI,NIH,NLM,National Center for Biotechnology Information,National Institutes of Health,National Library of Medicine,Non-U.S. Gov't,PMC3599683,PubMed Abstract,Research Support,doi:10.1186/1471-2180-13-53,pmid:23497033},
number = {1},
pmid = {23497033},
publisher = {BMC Microbiol},
title = {{phiBIOTICS: catalogue of therapeutic enzybiotics, relevant research studies and practical applications}},
url = {https://pubmed.ncbi.nlm.nih.gov/23497033/},
volume = {13},
year = {2013}
}

@article{Wu2012,
author = {Wu, Hongyu and Lu, Hairong and Huang, Jinjiang and Li, Guodong and Huang, Qingshan},
doi = {10.1186/1471-2180-12-54},
file = {:C\:/Users/tsamu/AppData/Local/Mendeley Ltd./Mendeley Desktop/Downloaded/Wu et al. - 2012 - EnzyBase a novel database for enzybiotic studies.pdf:pdf},
issn = {1471-2180},
journal = {BMC microbiology},
keywords = {Anti-Bacterial Agents / classification,Anti-Bacterial Agents / pharmacology,Databases,Drug Design,Enzymes / classification*,Enzymes / pharmacology,Hairong Lu,Hongyu Wu,Information Storage and Retrieval / methods*,Internet,MEDLINE,NCBI,NIH,NLM,National Center for Biotechnology Information,National Institutes of Health,National Library of Medicine,Non-U.S. Gov't,PMC3364899,Protein*,PubMed Abstract,Qingshan Huang,Research Support,User-Computer Interface,doi:10.1186/1471-2180-12-54,pmid:22489867},
month = {dec},
number = {1},
pages = {54},
pmid = {22489867},
publisher = {BMC Microbiol},
title = {{EnzyBase: a novel database for enzybiotic studies}},
url = {https://pubmed.ncbi.nlm.nih.gov/22489867/},
volume = {12},
year = {2012}
}

@misc{EnzyBaseWebPage,
  author = {Huang, Qingshan and Wu, Hongyu and  Huang, Jinjiang and Lu, Hairong and Li, Guodong},
  title = {EnzyBase2: An update of EnzyBase database for enzybiotic studies},
  howpublished = {\url{http://biotechlab.fudan.edu.cn/database/enzybase/}},
  year = {2011},
  month = {06},
  day = {20},
  note = {Accessed on April 2, 2024}
}

@article{Gou2022,
author = {Gou, Hongquan and Li, Enhao and Xue, Yilun and Rong, Yi and Zhang, Yihui and Chang, Cheng and Guo, Wennan and Wang, Shiyun and Tu, Jingyang and Lv, Chao and Li, Min and Huang, Jiewen and Guo, Xiaokui and Li, Qingtian and Zhu, YongZhang},
doi = {10.2139/SSRN.4170186},
journal = {SSRN Electronic Journal},
keywords = {Chao Lv,Cheng Chang,Enhao Li,Hongquan Gou,Jiewen Huang,Jingyang Tu,Min Li,Qingtian Li,SSRN,Shiyun Wang,Wennan Guo,Xiaokui Guo,Yi Rong,Yihui Zhang,Yilun Xue,YongZhang Zhu,bacteriophage,enzybiotics,lysin,phage database,phage lytic proteins,phage therapies},
month = {jul},
publisher = {Elsevier BV},
title = {{PhalydDB: An Extensive Phage-Derived Lytic Protein Database for Targeted Antimicrobial Engineering Design and Bacterial Host Prediction}},
url = {https://papers.ssrn.com/abstract=4170186},
year = {2022}
}

@article{Wu2014,
author = {Wu, Hongyu and Huang, Jinjiang and Lu, Hairong and Li, Guodong and Huang, Qingshan},
doi = {10.1371/JOURNAL.PONE.0103687},
file = {:C\:/Users/tsamu/AppData/Local/Mendeley Ltd./Mendeley Desktop/Downloaded/Wu et al. - 2014 - GMEnzy A Genetically Modified Enzybiotic Database.pdf:pdf},
issn = {19326203},
journal = {PLoS ONE},
month = {aug},
number = {8},
pmid = {25084271},
publisher = {PLOS},
title = {{GMEnzy: A Genetically Modified Enzybiotic Database}},
url = {/pmc/articles/PMC4118892/ /pmc/articles/PMC4118892/?report=abstract https://www.ncbi.nlm.nih.gov/pmc/articles/PMC4118892/},
volume = {9},
year = {2014}
}

@article{Clokie2011,
author = {Clokie, Martha R.J. and Millard, Andrew D. and Letarov, Andrey V. and Heaphy, Shaun},
doi = {10.4161/BACT.1.1.14942},
journal = {Bacteriophage},
month = {jan},
number = {1},
pages = {31},
pmid = {21687533},
publisher = {Taylor & Francis},
title = {{Phages in nature}},
url = {/pmc/articles/PMC3109452/ /pmc/articles/PMC3109452/?report=abstract https://www.ncbi.nlm.nih.gov/pmc/articles/PMC3109452/},
volume = {1},
year = {2011}
}

@article{Hatfull2011,
author = {Hatfull, Graham F. and Hendrix, Roger W.},
doi = {10.1016/J.COVIRO.2011.06.009},
issn = {1879-6257},
journal = {Current Opinion in Virology},
month = {oct},
number = {4},
pages = {298--303},
pmid = {22034588},
publisher = {Elsevier},
title = {{Bacteriophages and their genomes}},
volume = {1},
year = {2011}
}

@article{Ho2023,
author = {Ho, Siu Fung Stanley and Wheeler, Nicole E. and Millard, Andrew D. and van Schaik, Willem},
doi = {10.1186/S40168-023-01533-X/FIGURES/5},
file = {:C\:/Users/tsamu/AppData/Local/Mendeley Ltd./Mendeley Desktop/Downloaded/Ho et al. - 2023 - Gauge your phage benchmarking of bacteriophage identification tools in metagenomic sequencing data.pdf:pdf},
issn = {20492618},
journal = {Microbiome},
keywords = {Bacteriophage,Benchmarking,Machine learning,Metagenome,Microbiome,Phage},
month = {dec},
number = {1},
pages = {1--15},
pmid = {37085924},
publisher = {BioMed Central Ltd},
title = {{Gauge your phage: benchmarking of bacteriophage identification tools in metagenomic sequencing data}},
url = {https://microbiomejournal.biomedcentral.com/articles/10.1186/s40168-023-01533-x http://creativecommons.org/publicdomain/zero/1.0/},
volume = {11},
year = {2023}
}

@article{Schackart2023,
author = {Schackart, Kenneth E. and Graham, Jessica B. and Ponsero, Alise J. and Hurwitz, Bonnie L.},
doi = {10.3389/FMICB.2023.1078760/BIBTEX},
file = {:C\:/Users/tsamu/AppData/Local/Mendeley Ltd./Mendeley Desktop/Downloaded/Schackart et al. - 2023 - Evaluation of computational phage detection tools for metagenomic datasets.pdf:pdf},
issn = {1664302X},
journal = {Frontiers in Microbiology},
keywords = {bacteriophage,benchmark,computational biology,metagenome,microbiome,virome},
month = {jan},
pages = {1078760},
publisher = {Frontiers Media S.A.},
title = {{Evaluation of computational phage detection tools for metagenomic datasets}},
volume = {14},
year = {2023}
}

@article{Briers2019,
author = {Briers, Yves},
doi = {10.3390/V11020113},
file = {:C\:/Users/tsamu/AppData/Local/Mendeley Ltd./Mendeley Desktop/Downloaded/Briers - 2019 - Phage Lytic Enzymes.pdf:pdf},
issn = {19994915},
journal = {Viruses},
month = {feb},
number = {2},
pmid = {30699900},
publisher = {Multidisciplinary Digital Publishing Institute  (MDPI)},
title = {{Phage Lytic Enzymes}},
url = {/pmc/articles/PMC6409890/ https://www.ncbi.nlm.nih.gov/pmc/articles/PMC6409890/},
volume = {11},
year = {2019}
}

@article{Bouras2023,
author = {Bouras, George and Nepal, Roshan and Houtak, Ghais and Psaltis, Alkis James and Wormald, Peter John and Vreugde, Sarah},
doi = {10.1093/BIOINFORMATICS/BTAC776},
file = {:C\:/Users/tsamu/AppData/Local/Mendeley Ltd./Mendeley Desktop/Downloaded/Bouras et al. - 2023 - Pharokka a fast scalable bacteriophage annotation tool.pdf:pdf},
issn = {1367-4803},
journal = {Bioinformatics},
month = {jan},
number = {1},
pmid = {36453861},
publisher = {Oxford Academic},
title = {{Pharokka: a fast scalable bacteriophage annotation tool}},
url = {https://dx.doi.org/10.1093/bioinformatics/btac776},
volume = {39},
year = {2023}
}

@article{Wu2023,
author = {Wu, Jiawei and Liu, Qingrui and Li, Min and Xu, Jiliang and Wang, Chen and Zhang, Junyin and Xiao, Minfeng and Bin, Yannan and Xia, Junfeng},
doi = {10.1093/BIOINFORMATICS/BTAD120},
file = {:C\:/Users/tsamu/AppData/Local/Mendeley Ltd./Mendeley Desktop/Downloaded/Wu et al. - 2023 - PhaGAA an integrated web server platform for phage genome annotation and analysis.pdf:pdf},
issn = {13674811},
journal = {Bioinformatics},
month = {mar},
number = {3},
pmid = {36882183},
publisher = {Oxford University Press},
title = {{PhaGAA: an integrated web server platform for phage genome annotation and analysis}},
volume = {39},
year = {2023}
}

@article{Shaffer2020,
author = {Shaffer, Michael and Borton, Mikayla A. and McGivern, Bridget B. and Zayed, Ahmed A. and {La Rosa}, Sabina Leanti0000 0003 3527 8101 and Solden, Lindsey M. and Liu, Pengfei and Narrowe, Adrienne B. and Rodr{\'{i}}guez-Ramos, Josu{\'{e}} and Bolduc, Benjamin and Gazit{\'{u}}a, M. Consuelo and Daly, Rebecca A. and Smith, Garrett J. and Vik, Dean R. and Pope, Phil B. and Sullivan, Matthew B. and Roux, Simon and Wrighton, Kelly C.},
doi = {10.1093/NAR/GKAA621},
file = {:C\:/Users/tsamu/AppData/Local/Mendeley Ltd./Mendeley Desktop/Downloaded/Shaffer et al. - 2020 - DRAM for distilling microbial metabolism to automate the curation of microbiome function.pdf:pdf},
issn = {13624962},
journal = {Nucleic Acids Research},
month = {sep},
number = {16},
pages = {8883},
pmid = {32766782},
publisher = {Oxford University Press},
title = {{DRAM for distilling microbial metabolism to automate the curation of microbiome function}},
url = {/pmc/articles/PMC7498326/ /pmc/articles/PMC7498326/?report=abstract https://www.ncbi.nlm.nih.gov/pmc/articles/PMC7498326/},
volume = {48},
year = {2020}
}

@article{Fernandez-Ruiz2018,
author = {Fern{\'{a}}ndez-Ruiz, Iris and Coutinho, Felipe H. and Rodriguez-Valera, Francisco},
doi = {10.3389/FMICB.2018.01033},
file = {:C\:/Users/tsamu/AppData/Local/Mendeley Ltd./Mendeley Desktop/Downloaded/Fern{\'{a}}ndez-Ruiz, Coutinho, Rodriguez-Valera - 2018 - Thousands of Novel Endolysins Discovered in Uncultured Phage Genomes.pdf:pdf},
issn = {1664-302X},
journal = {Frontiers in microbiology},
keywords = {Felipe H Coutinho,Francisco Rodriguez-Valera,Iris Fern{\'{a}}ndez-Ruiz,MEDLINE,NCBI,NIH,NLM,National Center for Biotechnology Information,National Institutes of Health,National Library of Medicine,PMC5968864,PubMed Abstract,doi:10.3389/fmicb.2018.01033,pmid:29867909},
month = {may},
number = {MAY},
pmid = {29867909},
publisher = {Front Microbiol},
title = {{Thousands of Novel Endolysins Discovered in Uncultured Phage Genomes}},
url = {https://pubmed.ncbi.nlm.nih.gov/29867909/},
volume = {9},
year = {2018}
}


@article{Nayfach2021,
author = {Nayfach, Stephen and P{\'{a}}ez-Espino, David and Call, Lee and Low, Soo Jen and Sberro, Hila and Ivanova, Natalia N. and Proal, Amy D. and Fischbach, Michael A. and Bhatt, Ami S. and Hugenholtz, Philip and Kyrpides, Nikos C.},
doi = {10.1038/s41564-021-00928-6},
issn = {2058-5276},
journal = {Nature Microbiology 2021 6:7},
keywords = {Bacteriophages,Data mining},
month = {jun},
number = {7},
pages = {960--970},
pmid = {34168315},
publisher = {Nature Publishing Group},
title = {{Metagenomic compendium of 189,680 DNA viruses from the human gut microbiome}},
url = {https://www.nature.com/articles/s41564-021-00928-6},
volume = {6},
year = {2021}
}

@article{Camarillo-Guerrero2021,
author = {Camarillo-Guerrero, Luis F. and Almeida, Alexandre and Rangel-Pineros, Guillermo and Finn, Robert D. and Lawley, Trevor D.},
doi = {10.1016/J.CELL.2021.01.029},
file = {:C\:/Users/tsamu/AppData/Local/Mendeley Ltd./Mendeley Desktop/Downloaded/Camarillo-Guerrero et al. - 2021 - Massive expansion of human gut bacteriophage diversity.pdf:pdf},
issn = {0092-8674},
journal = {Cell},
keywords = {database,gut bacteria,human gut,metagenomics,microbiome,phage,virus},
month = {feb},
number = {4},
pages = {1098--1109.e9},
pmid = {33606979},
publisher = {Cell Press},
title = {{Massive expansion of human gut bacteriophage diversity}},
volume = {184},
year = {2021}
}

@article{Roux2015,
author = {Roux, Simon and Hallam, Steven J. and Woyke, Tanja and Sullivan, Matthew B.},
doi = {10.7554/ELIFE.08490.001},
issn = {2050084X},
journal = {eLife},
month = {jul},
number = {JULY2015},
pmid = {26200428},
publisher = {eLife Sciences Publications Ltd},
title = {{Viral dark matter and virus–host interactions resolved from publicly available microbial genomes}},
url = {/pmc/articles/PMC4533152/ /pmc/articles/PMC4533152/?report=abstract https://www.ncbi.nlm.nih.gov/pmc/articles/PMC4533152/},
volume = {4},
year = {2015}
}

@article{Paez-Espino2016,
author = {Paez-Espino, David and Eloe-Fadrosh, Emiley A. and Pavlopoulos, Georgios A. and Thomas, Alex D. and Huntemann, Marcel and Mikhailova, Natalia and Rubin, Edward and Ivanova, Natalia N. and Kyrpides, Nikos C.},
doi = {10.1038/nature19094},
file = {:C\:/Users/tsamu/AppData/Local/Mendeley Ltd./Mendeley Desktop/Downloaded/Paez-Espino et al. - 2016 - Uncovering Earth's virome.pdf:pdf},
issn = {1476-4687},
journal = {Nature 2016 536:7617},
keywords = {Bacteriophages,Microbial ecology,Phage biology},
month = {aug},
number = {7617},
pages = {425--430},
pmid = {27533034},
publisher = {Nature Publishing Group},
title = {{Uncovering Earth's virome}},
url = {https://www.nature.com/articles/nature19094},
volume = {536},
year = {2016}
}

@article{Coutinho2017,
author = {Coutinho, Felipe H. and Silveira, Cynthia B. and Gregoracci, Gustavo B. and Thompson, Cristiane C. and Edwards, Robert A. and Brussaard, Corina P.D. and Dutilh, Bas E. and Thompson, Fabiano L.},
doi = {10.1038/NCOMMS15955},
file = {:C\:/Users/tsamu/AppData/Local/Mendeley Ltd./Mendeley Desktop/Downloaded/Coutinho et al. - 2017 - Marine viruses discovered via metagenomics shed light on viral strategies throughout the oceans.pdf:pdf},
issn = {20411723},
journal = {Nature Communications},
month = {jul},
pmid = {28677677},
publisher = {Nature Publishing Group},
title = {{Marine viruses discovered via metagenomics shed light on viral strategies throughout the oceans}},
url = {/pmc/articles/PMC5504273/ /pmc/articles/PMC5504273/?report=abstract https://www.ncbi.nlm.nih.gov/pmc/articles/PMC5504273/},
volume = {8},
year = {2017}
}

@article{Walker2022,
author = {Walker, Peter J. and Siddell, Stuart G. and Lefkowitz, Elliot J. and Mushegian, Arcady R. and Adriaenssens, Evelien M. and Alfenas-Zerbini, Poliane and Dempsey, Donald M. and Dutilh, Bas E. and Garc{\'{i}}a, Mar{\'{i}}a Laura and {Curtis Hendrickson}, R. and Junglen, Sandra and Krupovic, Mart and Kuhn, Jens H. and Lambert, Amy J. and {\L}obocka, Ma{\l}gorzata and Oksanen, Hanna M. and Orton, Richard J. and Robertson, David L. and Rubino, Luisa and Sabanadzovic, Sead and Simmonds, Peter and Smith, Donald B. and Suzuki, Nobuhiro and {Van Doorslaer}, Koenraad and Vandamme, Anne Mieke and Varsani, Arvind and Zerbini, Francisco Murilo},
doi = {10.1007/S00705-022-05516-5/TABLES/2},
file = {::},
issn = {14328798},
journal = {Archives of Virology},
keywords = {Infectious Diseases,Medical Microbiology,Virology},
month = {nov},
number = {11},
pages = {2429--2440},
pmid = {35999326},
publisher = {Springer},
title = {{Recent changes to virus taxonomy ratified by the International Committee on Taxonomy of Viruses (2022)}},
url = {https://link.springer.com/article/10.1007/s00705-022-05516-5},
volume = {167},
year = {2022}
}

@article{Turner2023,
author = {Turner, Dann and Shkoporov, Andrey N. and Lood, C{\'{e}}dric and Millard, Andrew D. and Dutilh, Bas E. and Alfenas-Zerbini, Poliane and van Zyl, Leonardo J. and Aziz, Ramy K. and Oksanen, Hanna M. and Poranen, Minna M. and Kropinski, Andrew M. and Barylski, Jakub and Brister, J. Rodney and Chanisvili, Nina and Edwards, Rob A. and Enault, Fran{\c{c}}ois and Gillis, Annika and Knezevic, Petar and Krupovic, Mart and Kurtb{\"{o}}ke, Ipek and Kushkina, Alla and Lavigne, Rob and Lehman, Susan and Lobocka, Malgorzata and Moraru, Cristina and {Moreno Switt}, Andrea and Morozova, Vera and Nakavuma, Jesca and {Reyes Mu{\~{n}}oz}, Alejandro and Rūmnieks, Jānis and Sarkar, Bl and Sullivan, Matthew B. and Uchiyama, Jumpei and Wittmann, Johannes and Yigang, Tong and Adriaenssens, Evelien M.},
doi = {10.1007/S00705-022-05694-2/FIGURES/1},
file = {::},
issn = {14328798},
journal = {Archives of Virology},
keywords = {Infectious Diseases,Medical Microbiology,Virology},
month = {feb},
number = {2},
pages = {1--9},
pmid = {36683075},
publisher = {Springer},
title = {{Abolishment of morphology-based taxa and change to binomial species names: 2022 taxonomy update of the ICTV bacterial viruses subcommittee}},
url = {https://link.springer.com/article/10.1007/s00705-022-05694-2},
volume = {168},
year = {2023}
}

@article{Lefkowitz2018,
author = {Lefkowitz, Elliot J. and Dempsey, Donald M. and Hendrickson, Robert Curtis and Orton, Richard J. and Siddell, Stuart G. and Smith, Donald B.},
doi = {10.1093/NAR/GKX932},
file = {::},
issn = {0305-1048},
journal = {Nucleic Acids Research},
keywords = {taxonomic classification},
month = {jan},
number = {D1},
pages = {D708--D717},
pmid = {29040670},
publisher = {Oxford Academic},
title = {{Virus taxonomy: the database of the International Committee on Taxonomy of Viruses (ICTV)}},
url = {https://dx.doi.org/10.1093/nar/gkx932},
volume = {46},
year = {2018}
}

@article{Hyatt2010,
author = {Hyatt, Doug and Chen, Gwo Liang and LoCascio, Philip F. and Land, Miriam L. and Larimer, Frank W. and Hauser, Loren J.},
doi = {10.1186/1471-2105-11-119},
file = {:C\:/Users/tsamu/AppData/Local/Mendeley Ltd./Mendeley Desktop/Downloaded/Hyatt et al. - 2010 - Prodigal prokaryotic gene recognition and translation initiation site identification.pdf:pdf},
issn = {1471-2105},
journal = {BMC bioinformatics},
keywords = {Algorithms,Bacterial,Databases,Doug Hyatt,Genetic,Genome,Gwo-Liang Chen,Loren J Hauser,MEDLINE,NCBI,NIH,NLM,National Center for Biotechnology Information,National Institutes of Health,National Library of Medicine,Non-P.H.S.,PMC2848648,Peptide Chain Initiation,Prokaryotic Cells,PubMed Abstract,Research Support,Software*,Translational / genetics*,U.S. Gov't,doi:10.1186/1471-2105-11-119,pmid:20211023},
month = {mar},
pmid = {20211023},
publisher = {BMC Bioinformatics},
title = {{Prodigal: prokaryotic gene recognition and translation initiation site identification}},
url = {https://pubmed.ncbi.nlm.nih.gov/20211023/},
volume = {11},
year = {2010}
}

@article{Buchfink2015,
author = {Buchfink, Benjamin and Xie, Chao and Huson, Daniel H.},
doi = {10.1038/NMETH.3176},
issn = {1548-7105},
journal = {Nature methods},
keywords = {Algorithms,Base Sequence,Benjamin Buchfink,Chao Xie,Comparative Study,DNA,Daniel H Huson,Humans,MEDLINE,Metagenomics / methods*,Microbiota / genetics,NCBI,NIH,NLM,National Center for Biotechnology Information,National Institutes of Health,National Library of Medicine,Non-U.S. Gov't,PubMed Abstract,Research Support,Sensitivity and Specificity,Sequence Alignment / methods*,Sequence Analysis,Software*,doi:10.1038/nmeth.3176,pmid:25402007},
month = {jan},
number = {1},
pages = {59--60},
pmid = {25402007},
publisher = {Nat Methods},
title = {{Fast and sensitive protein alignment using DIAMOND}},
url = {https://pubmed.ncbi.nlm.nih.gov/25402007/},
volume = {12},
year = {2015}
}

@article{Finn2015,
author = {Finn, Robert D. and Clements, Jody and Arndt, William and Miller, Benjamin L. and Wheeler, Travis J. and Schreiber, Fabian and Bateman, Alex and Eddy, Sean R.},
doi = {10.1093/NAR/GKV397},
file = {:C\:/Users/tsamu/AppData/Local/Mendeley Ltd./Mendeley Desktop/Downloaded/Finn et al. - 2015 - HMMER web server 2015 update.pdf:pdf},
issn = {13624962},
journal = {Nucleic Acids Research},
month = {jul},
number = {Web Server issue},
pages = {W30},
pmid = {25943547},
publisher = {Oxford University Press},
title = {{HMMER web server: 2015 update}},
url = {/pmc/articles/PMC4489315/ /pmc/articles/PMC4489315/?report=abstract https://www.ncbi.nlm.nih.gov/pmc/articles/PMC4489315/},
volume = {43},
year = {2015}
}

@article{Petersen2011,
author = {Petersen, Thomas Nordahl and Brunak, S{\o}ren and {Von Heijne}, Gunnar and Nielsen, Henrik},
doi = {10.1038/nmeth.1701},
issn = {1548-7105},
journal = {Nature Methods 2011 8:10},
keywords = {Bioinformatics,Proteomic analysis},
month = {sep},
number = {10},
pages = {785--786},
pmid = {21959131},
publisher = {Nature Publishing Group},
title = {{SignalP 4.0: discriminating signal peptides from transmembrane regions}},
url = {https://www.nature.com/articles/nmeth.1701},
volume = {8},
year = {2011}
}

@article{Vieira2023,
author = {Vieira, Maria and Duarte, Jos{\'{e}} and Domingues, Rita and Oliveira, Hugo and Dias, Oscar},
doi = {10.1101/2023.02.24.529883},
file = {::},
journal = {bioRxiv},
month = {feb},
pages = {2023.02.24.529883},
publisher = {Cold Spring Harbor Laboratory},
title = {{PhageDPO: Phage Depolymerase Finder}},
url = {https://www.biorxiv.org/content/10.1101/2023.02.24.529883v1 https://www.biorxiv.org/content/10.1101/2023.02.24.529883v1.abstract},
year = {2023}
}

@article{Pandolfo2022,
author = {Pandolfo, Mattia and Telatin, Andrea and Lazzari, Gioele and Adriaenssens, Evelien M. and Vitulo, Nicola},
doi = {10.1128/MSYSTEMS.00741-22/SUPPL_FILE/REVIEWER-COMMENTS.PDF},
issn = {23795077},
journal = {mSystems},
keywords = {NGS,bacteriophages,bioinformatics,metagenomics,phage mining},
month = {oct},
number = {5},
publisher = {American Society for Microbiology},
title = {{MetaPhage: an Automated Pipeline for Analyzing, Annotating, and Classifying Bacteriophages in Metagenomics Sequencing Data}},
url = {https://journals.asm.org/doi/10.1128/msystems.00741-22},
volume = {7},
year = {2022}
}
